@article{gp:acceleration,
    author = {Mootoovaloo, Arrykrishna and Heavens, Alan F and Jaffe, Andrew H and Leclercq, Florent},
    title = "{Parameter inference for weak lensing using Gaussian Processes and MOPED}",
    journal = {Monthly Notices of the Royal Astronomical Society},
    volume = {497},
    number = {2},
    pages = {2213-2226},
    year = {2020},
    month = {07},
    issn = {0035-8711},
    doi = {10.1093/mnras/staa2102},
    url = {https://doi.org/10.1093/mnras/staa2102},
    eprint = {https://academic.oup.com/mnras/article-pdf/497/2/2213/33569325/staa2102.pdf},
}

@article{gp:acceleration2,
    author = {Boruah, Supranta S and Eifler, Tim and Miranda, Vivian and Krishanth, P M Sai},
    title = "{Accelerating cosmological inference with Gaussian processes and neural networks – an application to LSST Y1 weak lensing and galaxy clustering}",
    journal = {Monthly Notices of the Royal Astronomical Society},
    volume = {518},
    number = {4},
    pages = {4818-4831},
    year = {2022},
    month = {11},
    issn = {0035-8711},
    doi = {10.1093/mnras/stac3417},
    url = {https://doi.org/10.1093/mnras/stac3417},
    eprint = {https://academic.oup.com/mnras/article-pdf/518/4/4818/47746318/stac3417.pdf},
}

@article{gp:acceleration3,
    author = {Karchev, Konstantin and Coogan, Adam and Weniger, Christoph},
    title = "{Strong-lensing source reconstruction with variationally optimized Gaussian processes}",
    journal = {Monthly Notices of the Royal Astronomical Society},
    volume = {512},
    number = {1},
    pages = {661-685},
    year = {2022},
    month = {02},
    issn = {0035-8711},
    doi = {10.1093/mnras/stac311},
    url = {https://doi.org/10.1093/mnras/stac311},
    eprint = {https://academic.oup.com/mnras/article-pdf/512/1/661/42904428/stac311.pdf},
}

@article{gp:expansion,
  title = {Gaussian process cosmography},
  author = {Shafieloo, Arman and Kim, Alex G. and Linder, Eric V.},
  journal = {Phys. Rev. D},
  volume = {85},
  issue = {12},
  pages = {123530},
  numpages = {9},
  year = {2012},
  month = {06},
  publisher = {American Physical Society},
  doi = {10.1103/PhysRevD.85.123530},
  url = {https://link.aps.org/doi/10.1103/PhysRevD.85.123530}
}

@article{gp:expansion2,
doi = {10.1088/1475-7516/2012/06/036},
url = {https://dx.doi.org/10.1088/1475-7516/2012/06/036},
year = {2012},
month = {06},
publisher = {},
volume = {2012},
number = {06},
pages = {036},
author = {Marina Seikel and  Chris Clarkson and  Mathew Smith},
title = {Reconstruction of dark energy and expansion dynamics using Gaussian processes},
journal = {Journal of Cosmology and Astroparticle Physics},
}

@article{gp:expansion3,
  title = {Nonparametric reconstruction of the dark energy equation of state},
  author = {Holsclaw, Tracy and Alam, Ujjaini and Sans\'o, Bruno and Lee, Herbert and Heitmann, Katrin and Habib, Salman and Higdon, David},
  journal = {Phys. Rev. D},
  volume = {82},
  issue = {10},
  pages = {103502},
  numpages = {16},
  year = {2010},
  month = {11},
  publisher = {American Physical Society},
  doi = {10.1103/PhysRevD.82.103502},
  url = {https://link.aps.org/doi/10.1103/PhysRevD.82.103502}
}

@article{cellestim,
    author = {Chon, Gayoung and Challinor, Anthony and Prunet, Simon and Hivon, Eric and Szapudi, István},
    title = "{Fast estimation of polarization power spectra using correlation functions}",
    journal = {Monthly Notices of the Royal Astronomical Society},
    volume = {350},
    number = {3},
    pages = {914-926},
    year = {2004},
    month = {05},
    issn = {0035-8711},
    doi = {10.1111/j.1365-2966.2004.07737.x},
    url = {https://doi.org/10.1111/j.1365-2966.2004.07737.x},
    eprint = {https://academic.oup.com/mnras/article-pdf/350/3/914/2932210/350-3-914.pdf},
}

@article{cellestim2,
    author = {Brown, M. L. and Castro, P. G. and Taylor, A. N.},
    title = "{Cosmic microwave background temperature and polarization pseudo-$C_\ell$ estimators and covariances}",
    journal = {Monthly Notices of the Royal Astronomical Society},
    volume = {360},
    number = {4},
    pages = {1262-1280},
    year = {2005},
    month = {07},
    issn = {0035-8711},
    doi = {10.1111/j.1365-2966.2005.09111.x},
    url = {https://doi.org/10.1111/j.1365-2966.2005.09111.x},
    eprint = {https://academic.oup.com/mnras/article-pdf/360/4/1262/4867701/360-4-1262.pdf},
}

@article{cosmology:lensing,
doi = {10.1088/0034-4885/78/8/086901},
url = {https://dx.doi.org/10.1088/0034-4885/78/8/086901},
year = {2015},
month = {06},
publisher = {IOP Publishing},
volume = {78},
number = {8},
pages = {086901},
author = {Martin Kilbinger},
title = {Cosmology with cosmic shear observations: a review},
journal = {Reports on Progress in Physics},
}

@ARTICLE{cosmology:lensing2,
AUTHOR = {Bartelmann, M.  and Maturi, M. },
TITLE   = {Weak gravitational lensing},
YEAR    = {2017},
JOURNAL = {Scholarpedia},
VOLUME  = {12},
NUMBER  = {1},
PAGES   = {32440},
DOI     = {10.4249/scholarpedia.32440},
URL     = {http://dx.doi.org/10.4249/scholarpedia.32440},
NOTE    = {revision \#186553}
}

@article{weaklensing,
    author = {Blandford, R. D. and Saust, A. B. and Brainerd, T. G. and Villumsen, J. V.},
    title = "{The distortion of distant galaxy images by large scale structure}",
    journal = {AIP Conference Proceedings},
    volume = {222},
    number = {1},
    pages = {455-458},
    year = {1991},
    month = {04},
    issn = {0094-243X},
    doi = {10.1063/1.40414},
    url = {https://doi.org/10.1063/1.40414},
    eprint = {https://pubs.aip.org/aip/acp/article-pdf/222/1/455/11576782/455\_1\_online.pdf},
}

@book{rasmussen,
    author = {Rasmussen, Carl Edward and Williams, Christopher K. I.},
    title = "{Gaussian Processes for Machine Learning}",
    publisher = {The MIT Press},
    year = {2005},
    month = {11},
    isbn = {978-0-26-225683-4},
    doi = {10.7551/mitpress/3206.001.0001},
    url = {https://doi.org/10.7551/mitpress/3206.001.0001},
}

@incollection{dodelson,
title = {13 - Probes of structure: lensing},
editor = {Scott Dodelson and Fabian Schmidt},
booktitle = {Modern Cosmology (Second Edition)},
publisher = {Academic Press},
edition = {Second Edition},
pages = {373-399},
year = {2021},
isbn = {978-0-12-815948-4},
doi = {https://doi.org/10.1016/B978-0-12-815948-4.00019-X},
url = {https://www.sciencedirect.com/science/article/pii/B978012815948400019X},
author = {Scott Dodelson and Fabian Schmidt},
keywords = {gravitational lensing, weak lensing, CMB lensing, galaxy shape correlations, shear, galaxy-galaxy lensing}
}

@inproceedings{fullsky,
  title={Understanding the Cosmic Microwave Background Temperature Power Spectrum},
  author={Rita Tojeiro},
  year={2006},
  url={https://api.semanticscholar.org/CorpusID:201822832}
}

@article{flatsky,
doi = {10.1088/1475-7516/2021/03/067},
url = {https://dx.doi.org/10.1088/1475-7516/2021/03/067},
year = {2021},
month = {03},
publisher = {IOP Publishing},
volume = {2021},
number = {03},
pages = {067},
author = {Andrina Nicola and Carlos García-García and David Alonso and Jo Dunkley and Pedro G. Ferreira and Anže Slosar and David N. Spergel},
title = {Cosmic shear power spectra in practice},
journal = {Journal of Cosmology and Astroparticle Physics},
}

@article{flatsky2,
  title = {Asymptotic connection between full- and flat-sky angular correlators},
  author = {Gao, Zucheng and Raccanelli, Alvise and Vlah, Zvonimir},
  journal = {Phys. Rev. D},
  volume = {108},
  issue = {4},
  pages = {043503},
  numpages = {13},
  year = {2023},
  month = {08},
  publisher = {American Physical Society},
  doi = {10.1103/PhysRevD.108.043503},
  url = {https://link.aps.org/doi/10.1103/PhysRevD.108.043503}
}

@article{flatsky3,
doi = {10.1088/1475-7516/2021/02/027},
url = {https://dx.doi.org/10.1088/1475-7516/2021/02/027},
year = {2021},
month = {02},
publisher = {},
volume = {2021},
number = {02},
pages = {027},
author = {William L. Matthewson and Ruth Durrer},
title = {The flat sky approximation to galaxy number counts},
journal = {Journal of Cosmology and Astroparticle Physics},
}

@article{flatsky4,
      title={Flat-sky Angular Power Spectra Revisited}, 
      author={Zucheng Gao and Zvonimir Vlah and Anthony Challinor},
      year={2023},
      eprint={2307.13768},
      archivePrefix={arXiv},
      primaryClass={astro-ph.CO}
}

@article{flatsky5,
doi = {10.1088/1475-7516/2019/11/043},
url = {https://dx.doi.org/10.1088/1475-7516/2019/11/043},
year = {2019},
month = {nov},
publisher = {},
volume = {2019},
number = {11},
pages = {043},
author = {Carlos García-García and David Alonso and Emilio Bellini},
title = {Disconnected pseudo-$C_\ell$ covariances for projected large-scale structure data},
journal = {Journal of Cosmology and Astroparticle Physics},
}

@article{flatsky6,
	author = {{Schneider, P.} and {van Waerbeke, L.} and {Kilbinger, M.} and {Mellier, Y.}},
	title = {Analysis of two-point statistics of cosmic shear - I. Estimators and covariances},
	DOI= "10.1051/0004-6361:20021341",
	url= "https://doi.org/10.1051/0004-6361:20021341",
	journal = {A\&A},
	year = 2002,
	volume = 396,
	number = 1,
	pages = "1-19",
}

@article{grf,
doi = {10.1086/322526},
url = {https://dx.doi.org/10.1086/322526},
year = {2001},
month = {11},
publisher = {},
volume = {137},
number = {1},
pages = {1},
author = {Edmund Bertschinger},
title = {Multiscale Gaussian Random Fields and Their Application to Cosmological Simulations},
journal = {The Astrophysical Journal Supplement Series},
}

@article{grf2,
url = {https://doi.org/10.1515/mcma.2011.009},
title = {Fast simulation of Gaussian random fields},
title = {},
author = {Annika Lang and Jürgen Potthoff},
pages = {195--214},
volume = {17},
number = {3},
journal = {Monte Carlo Methods and Applications},
doi = {doi:10.1515/mcma.2011.009},
year = {2011},
lastchecked = {2024-03-16}
}

@article{lognormal,
      title={Map-based cosmology inference with lognormal cosmic shear maps}, 
      author={Supranta Sarma Boruah and Eduardo Rozo and Pier Fiedorowicz},
      year={2022},
      eprint={2204.13216},
      archivePrefix={arXiv},
      primaryClass={astro-ph.CO}
}

@article{lognormal2,
    author = {Leclercq, Florent and Heavens, Alan},
    title = "{On the accuracy and precision of correlation functions and field-level inference in cosmology}",
    journal = {Monthly Notices of the Royal Astronomical Society: Letters},
    volume = {506},
    number = {1},
    pages = {L85-L90},
    year = {2021},
    month = {07},
    issn = {1745-3925},
    doi = {10.1093/mnrasl/slab081},
    url = {https://doi.org/10.1093/mnrasl/slab081},
    eprint = {https://academic.oup.com/mnrasl/article-pdf/506/1/L85/54638639/slab081.pdf},
}

@article{lognormal3,
	author = {{Hilbert, S.} and {Hartlap, J.} and {Schneider, P.}},
	title = {Cosmic shear covariance: the log-normal
     approximation},
	DOI= "10.1051/0004-6361/201117294",
	url= "https://doi.org/10.1051/0004-6361/201117294",
	journal = {A\&A},
	year = 2011,
	volume = 536,
	pages = "A85",
	month = "",
}

@article{fft,
 ISSN = {00255718, 10886842},
 doi = {https://doi.org/10.2307/2003354},
 URL = {http://www.jstor.org/stable/2003354},
 author = {James W. Cooley and John W. Tukey},
 journal = {Mathematics of Computation},
 number = {90},
 pages = {297--301},
 publisher = {American Mathematical Society},
 title = {An Algorithm for the Machine Calculation of Complex Fourier Series},
 urldate = {2024-03-15},
 volume = {19},
 year = {1965}
}

@article{fftlog,
doi = {10.1088/1475-7516/2018/04/030},
url = {https://dx.doi.org/10.1088/1475-7516/2018/04/030},
year = {2018},
month = {04},
publisher = {},
volume = {2018},
number = {04},
pages = {030},
author = {Marko Simonović and Tobias Baldauf and Matias Zaldarriaga and John Joseph Carrasco and Juna A. Kollmeier},
title = {Cosmological perturbation theory using the FFTLog: formalism and connection to QFT loop integrals},
journal = {Journal of Cosmology and Astroparticle Physics},
}

@article{cmbmodel,
doi = {10.1086/338126},
url = {https://dx.doi.org/10.1086/338126},
year = {2002},
month = {03},
publisher = {},
volume = {567},
number = {1},
pages = {2},
author = {Eric Hivon and Krzysztof M. Górski and C. Barth Netterfield and Brendan P. Crill and Simon Prunet and Frode Hansen},
title = {MASTER of the Cosmic Microwave Background Anisotropy Power Spectrum: A Fast Method for Statistical Analysis of Large and Complex Cosmic Microwave Background Data Sets},
journal = {The Astrophysical Journal},
}

@article{fwdmodel,
      title={Accurate field-level weak lensing inference for precision cosmology}, 
      author={Alan Junzhe Zhou and Xiangchong Li and Scott Dodelson and Rachel Mandelbaum},
      year={2023},
      eprint={2312.08934},
      archivePrefix={arXiv},
      primaryClass={astro-ph.CO}
}

@article{fwdmodel2,
    author = {Porqueres, Natalia and Heavens, Alan and Mortlock, Daniel and Lavaux, Guilhem},
    title = "{Bayesian forward modelling of cosmic shear data}",
    journal = {Monthly Notices of the Royal Astronomical Society},
    volume = {502},
    number = {2},
    pages = {3035-3044},
    year = {2021},
    month = {01},
    issn = {0035-8711},
    doi = {10.1093/mnras/stab204},
    url = {https://doi.org/10.1093/mnras/stab204},
    eprint = {https://academic.oup.com/mnras/article-pdf/502/2/3035/40438401/stab204.pdf},
}

@article{fwdmodel3,
    author = {Alsing, Justin and Heavens, Alan and Jaffe, Andrew H.},
    title = "{Cosmological parameters, shear maps and power spectra from CFHTLenS using Bayesian hierarchical inference}",
    journal = {Monthly Notices of the Royal Astronomical Society},
    volume = {466},
    number = {3},
    pages = {3272-3292},
    year = {2016},
    month = {12},
    issn = {0035-8711},
    doi = {10.1093/mnras/stw3161},
    url = {https://doi.org/10.1093/mnras/stw3161},
    eprint = {https://academic.oup.com/mnras/article-pdf/466/3/3272/10902137/stw3161.pdf},
}

@article{cosmology:hsc,
    author = {Hikage, Chiaki and Oguri, Masamune and Hamana, Takashi and More, Surhud and Mandelbaum, Rachel and Takada, Masahiro and Köhlinger, Fabian and Miyatake, Hironao and Nishizawa, Atsushi J and Aihara, Hiroaki and Armstrong, Robert and Bosch, James and Coupon, Jean and Ducout, Anne and Ho, Paul and Hsieh, Bau-Ching and Komiyama, Yutaka and Lanusse, François and Leauthaud, Alexie and Lupton, Robert H and Medezinski, Elinor and Mineo, Sogo and Miyama, Shoken and Miyazaki, Satoshi and Murata, Ryoma and Murayama, Hitoshi and Shirasaki, Masato and Sifón, Cristóbal and Simet, Melanie and Speagle, Joshua and Spergel, David N and Strauss, Michael A and Sugiyama, Naoshi and Tanaka, Masayuki and Utsumi, Yousuke and Wang, Shiang-Yu and Yamada, Yoshihiko},
    title = "{Cosmology from cosmic shear power spectra with Subaru Hyper Suprime-Cam first-year data}",
    journal = {Publications of the Astronomical Society of Japan},
    volume = {71},
    number = {2},
    pages = {43},
    year = {2019},
    month = {03},
    issn = {0004-6264},
    doi = {10.1093/pasj/psz010},
    url = {https://doi.org/10.1093/pasj/psz010},
    eprint = {https://academic.oup.com/pasj/article-pdf/71/2/43/54666032/pasj\_71\_2\_43.pdf},
}

@article{cosmology:kids450,
    author = {Köhlinger, F. and Viola, M. and Joachimi, B. and Hoekstra, H. and van Uitert, E. and Hildebrandt, H. and Choi, A. and Erben, T. and Heymans, C. and Joudaki, S. and Klaes, D. and Kuijken, K. and Merten, J. and Miller, L. and Schneider, P. and Valentijn, E. A.},
    title = "{KiDS-450: the tomographic weak lensing power spectrum and constraints on cosmological parameters}",
    journal = {Monthly Notices of the Royal Astronomical Society},
    volume = {471},
    number = {4},
    pages = {4412-4435},
    year = {2017},
    month = {07},
    issn = {0035-8711},
    doi = {10.1093/mnras/stx1820},
    url = {https://doi.org/10.1093/mnras/stx1820},
    eprint = {https://academic.oup.com/mnras/article-pdf/471/4/4412/19600723/stx1820.pdf},
}

@article{cosmology:kids1000,
	author = {{Asgari, Marika} and {Lin, Chieh-An} and {Joachimi, Benjamin} and {Giblin, Benjamin} and {Heymans, Catherine} and {Hildebrandt, Hendrik} and {Kannawadi, Arun} and {Stölzner, Benjamin} and {Tröster, Tilman} and {van den Busch, Jan Luca} and {Wright, Angus H.} and {Bilicki, Maciej} and {Blake, Chris} and {de Jong, Jelte} and {Dvornik, Andrej} and {Erben, Thomas} and {Getman, Fedor} and {Hoekstra, Henk} and {Köhlinger, Fabian} and {Kuijken, Konrad} and {Miller, Lance} and {Radovich, Mario} and {Schneider, Peter} and {Shan, HuanYuan} and {Valentijn, Edwin}},
	title = {KiDS-1000 cosmology: Cosmic shear constraints and comparison between two point statistics},
	DOI= "10.1051/0004-6361/202039070",
	url= "https://doi.org/10.1051/0004-6361/202039070",
	journal = {A\&A},
	year = 2021,
	volume = 645,
	pages = "A104",
}

@article{cosmology:kids1000_bins,
	author = {{Hildebrandt, H.} and {van den Busch, J. L.} and {Wright, A. H.} and {Blake, C.} and {Joachimi, B.} and {Kuijken, K.} and {Tröster, T.} and {Asgari, M.} and {Bilicki, M.} and {de Jong, J. T. A.} and {Dvornik, A.} and {Erben, T.} and {Getman, F.} and {Giblin, B.} and {Heymans, C.} and {Kannawadi, A.} and {Lin, C.-A.} and {Shan, H.-Y.}},
	title = {KiDS-1000 catalogue: Redshift distributions and their calibration},
	DOI= "10.1051/0004-6361/202039018",
	url= "https://doi.org/10.1051/0004-6361/202039018",
	journal = {A\&A},
	year = 2021,
	volume = 647,
	pages = "A124",
}

@article{smail,
doi = {10.1086/309647},
url = {https://dx.doi.org/10.1086/309647},
year = {1995},
month = {08},
publisher = {},
volume = {449},
number = {2},
pages = {L105},
author = {Ian Smail and David W. Hogg and Lin Yan and Judith G. Cohen},
title = {Deep Optical Galaxy Counts with the Keck Telescope*},
journal = {The Astrophysical Journal},
}

@article{smail2,
    author = {Kirk, Donnacha and Rassat, Anais and Host, Ole and Bridle, Sarah},
    title = "{The cosmological impact of intrinsic alignment model choice for cosmic shear}",
    journal = {Monthly Notices of the Royal Astronomical Society},
    volume = {424},
    number = {3},
    pages = {1647-1657},
    year = {2012},
    month = {08},
    issn = {0035-8711},
    doi = {10.1111/j.1365-2966.2012.21099.x},
    url = {https://doi.org/10.1111/j.1365-2966.2012.21099.x},
    eprint = {https://academic.oup.com/mnras/article-pdf/424/3/1647/2976995/424-3-1647.pdf},
}

@article{pixel,
      title={Comparing Mass Mapping Reconstruction Methods with Minkowski Functionals}, 
      author={Nisha Grewal and Joe Zuntz and Tilman Tröster},
      year={2024},
      eprint={2402.13912},
      archivePrefix={arXiv},
      primaryClass={astro-ph.CO}
}

@article{pixel2,
    author = "Gorski, Krzysztof M. and Wandelt, Benjamin D. and Hansen, Frode K. and Hivon, Eric and Banday, Anthony J.",
    title = "{The healpix primer}",
    eprint = "astro-ph/9905275",
    archivePrefix = "arXiv",
    month = "5",
    year = "1999"
}

@article{noise,
    author = {Croft, Rupert A. C. and Freeman, Peter E. and Schuster, Thomas S. and Schafer, Chad M.},
    title = "{Prediction of galaxy ellipticities and reduction of shape noise in cosmic shear measurements}",
    journal = {Monthly Notices of the Royal Astronomical Society},
    volume = {469},
    number = {4},
    pages = {4422-4427},
    year = {2017},
    month = {05},
    issn = {0035-8711},
    doi = {10.1093/mnras/stx1206},
    url = {https://doi.org/10.1093/mnras/stx1206},
    eprint = {https://academic.oup.com/mnras/article-pdf/469/4/4422/17722007/stx1206.pdf},
}

@phdthesis{gammapproximations, 
    series={Retrospective Theses and Dissertations, 1919-2007}, 
    title={An analysis of the Lanczos gamma approximation}, 
    url={https://open.library.ubc.ca/collections/ubctheses/831/items/1.0080001}, 
    DOI={http://dx.doi.org/10.14288/1.0080001}, 
    school={University of British Columbia}, 
    author={Pugh, Glendon Ralph}, 
    year={2004}, 
    collection={Retrospective Theses and Dissertations, 1919-2007}
}

@article{gammaspouge,
author = {Spouge, John L.},
title = {Computation of the Gamma, Digamma, and Trigamma Functions},
journal = {SIAM Journal on Numerical Analysis},
volume = {31},
number = {3},
pages = {931-944},
year = {1994},
doi = {10.1137/0731050},
URL = {https://doi.org/10.1137/0731050},
eprint = {https://doi.org/10.1137/0731050},
}

@article{jaxcosmo,
	journal={The Open Journal of Astrophysics},
	doi={10.21105/astro.2302.05163},
	publisher={Maynooth Academic Publishing},
	title={JAX-COSMO: An End-to-End Differentiable and GPU Accelerated Cosmology Library},
	volume=6,
	author={Campagne, Jean-Eric and Lanusse, François and Zuntz, Joe and Boucaud, Alexandre and Casas, Santiago and Karamanis, Minas and Kirkby, David and Lanzieri, Denise and Peel, Austin and Li, Yin},
	date={2023-04-28},
	year=2023,
	month=4,
	day=28,
}

@software{jax,
  author = {James Bradbury and Roy Frostig and Peter Hawkins and Matthew James Johnson and Chris Leary and Dougal Maclaurin and George Necula and Adam Paszke and Jake Vander{P}las and Skye Wanderman-{M}ilne and Qiao Zhang},
  title = {{JAX}: composable transformations of {P}ython+{N}um{P}y programs},
  url = {http://github.com/google/jax},
  version = {0.3.13},
  year = {2018},
}

@article{numpyro,
       author = {{Phan}, Du and {Pradhan}, Neeraj and {Jankowiak}, Martin},
        title = "{Composable Effects for Flexible and Accelerated Probabilistic Programming in NumPyro}",
      journal = {arXiv e-prints},
     keywords = {Statistics - Machine Learning, Computer Science - Artificial Intelligence, Computer Science - Machine Learning, Computer Science - Programming Languages, I.2.5, G.3, I.2.5, G.3},
         year = 2019,
        month = 10,
          eid = {arXiv:1912.11554},
        pages = {arXiv:1912.11554},
          doi = {10.48550/arXiv.1912.11554},
archivePrefix = {arXiv},
       eprint = {1912.11554},
 primaryClass = {stat.ML},
       adsurl = {https://ui.adsabs.harvard.edu/abs/2019arXiv191211554P},
      adsnote = {Provided by the SAO/NASA Astrophysics Data System}
}

@article{numpyro2,
  author    = {Eli Bingham and
               Jonathan P. Chen and
               Martin Jankowiak and
               Fritz Obermeyer and
               Neeraj Pradhan and
               Theofanis Karaletsos and
               Rohit Singh and
               Paul A. Szerlip and
               Paul Horsfall and
               Noah D. Goodman},
  title     = {Pyro: Deep Universal Probabilistic Programming},
  journal   = {J. Mach. Learn. Res.},
  volume    = {20},
  pages     = {28:1--28:6},
  year      = {2019},
  url       = {http://jmlr.org/papers/v20/18-403.html}
}

@software{tinygp,
  author       = {Foreman-Mackey, Daniel and
                  Weixiang Yu and
                  Yadav, Sachin and
                  Becker, McCoy Reynolds and
                  Caplar, Neven and
                  Huppenkothen, Daniela and
                  Killestein, Thomas and
                  Tronsgaard, René and
                  Rashid, Theo and
                  Schmerler, Steve},
  title        = {{dfm/tinygp: The tiniest of Gaussian Process 
                   libraries}},
  month        = jan,
  year         = 2024,
  publisher    = {Zenodo},
  version      = {v0.3.0},
  doi          = {10.5281/zenodo.10463641},
  url          = {https://doi.org/10.5281/zenodo.10463641}
}